@article{droguett2017aplicaciones,
  title={Aplicaciones cl{\'\i}nicas del an{\'a}lisis ac{\'u}stico de la voz},
  author={Droguett, Yoel G.},
  journal={Revista de otorrinolaringolog{\'\i}a y cirug{\'\i}a de cabeza y cuello},
  volume={77},
  number={4},
  year={2017},
  publisher={Sociedad Chilena de Otorrinolaringolog{\'\i}a, Medicina y Cirug{\'\i}a de Cabeza y Cuello}
}

@phdthesis{cantero1995estructura,
  title={Estructura de los modelos entonativos: interpretaci{\'o}n fonol{\'o}gica del acento y la entonaci{\'o}n en castellano},
  author={Cantero Serena, FJ},
  year={1995},
  school={tesis doctoral publicada en microforma (1997), Universitat de Barcelona}
}

@inproceedings{hirst2007praat,
  title={A Praat plugin for Momel and INTSINT with improved algorithms for modelling and coding intonation},
  author={Hirst, Daniel J},
  booktitle={Proceedings of the XVIth International Conference of Phonetic Sciences},
  volume={12331236},
  year={2007},
  organization={sn}
}

@book{bloomfield2004fourier,
  title={Fourier analysis of time series: an introduction},
  author={Bloomfield, Peter},
  year={2004},
  publisher={John Wiley \& Sons}
}

@article{silvaseries,
  title={SERIES DE FOURIER DE SE{\~N}ALES COMPLEJAS},
  author={Silva, Jos{\'e} and Barreto, Jose and Espinosa, Sebasti{\'a}n}
}

@inproceedings{goldman2011easyalign,
  title={EasyAlign: an automatic phonetic alignment tool under Praat},
  author={Goldman, Jean-Philippe},
  booktitle={Interspeech'11, 12th Annual Conference of the International Speech Communication Association},
  year={2011}
}

@article{beckman1997guidelines,
  title={Guidelines for ToBI labelling},
  author={Beckman, Mary E. and Ayers, Gayle},
  journal={The OSU Research Foundation},
  volume={3},
  year={1997}
}


@article{beckman1994tobi,
  title={The ToBI annotation conventions},
  author={Beckman, Mary E. and Hirschberg, Julia},
  journal={Ohio State University},
  year={1994}
}



@article{alessandroni2019vocalidades,
  title={Vocalidades: la voz humana desde la interdisciplina},
  author={Alessandroni Betancor, Nicol{\'a}s Jes{\'u}s and Torres, Bego{\~n}a and Beltramone, Camila},
  year={2019},
  publisher={La Plata-Grupo de Investigaciones en T{\'e}cnica Vocal}
}


@book{schroeder2013computer,
  title={Computer speech: recognition, compression, synthesis},
  author={Schroeder, Manfred R.},
  volume={35},
  year={2013},
  publisher={Springer Science \& Business Media}
}

@book{serena2002teoria,
  title={Teor{\'\i}a y an{\'a}lisis de la entonaci{\'o}n},
  author={Serena, Francisco Jos{\'e} Cantero},
  volume={54},
  year={2002},
  publisher={Edicions Universitat Barcelona}
}

@article{hernandez2018data,
  title={Data augmentation instead of explicit regularization},
  author={Hern{\'a}ndez-Garc{\'\i}a, Alex, K{\"o}nig, Peter},
  journal={arXiv preprint arXiv:1806.03852},
  year={2018}
}

@article{imai2005bayesian,
  title={A Bayesian analysis of the multinomial probit model using marginal data augmentation},
  author={Imai, Kosuke, Van Dyk, David A.},
  journal={Journal of econometrics},
  volume={124},
  number={2},
  year={2005},
  publisher={Elsevier}
}

@book{debnath2002wavelet,
  title={Wavelet transforms and their applications},
  author={Debnath, Lokenath, Shah, Firdous Ahmad},
  year={2002},
  publisher={Springer}
}

@article{font2008melodia,
  title={La melod{\'\i}a del habla: acento, ritmo y entonaci{\'o}n},
  author={Font Rotch{\'e}s, Dolors, Cantero Serena, Francisco Jos{\'e}},
  journal={Eufon{\'\i}a. Did{\'a}ctica de la m{\'u}sica, 2008, num. 43, p. 19-39},
  year={2008},
  publisher={Editorial Gra{\'o}}
}

@article{enseries,
  title={Series y Transformada de Fourier para Se{\~n}ales Continuas},
  author={en el Tiempo, Discretas}
}

@book{addison2017illustrated,
  title={The illustrated wavelet transform handbook: introductory theory and applications in science, engineering, medicine and finance},
  author={Addison, Paul S.},
  year={2017},
  publisher={CRC press}
}

@article{park2019specaugment,
  title={Specaugment: A simple data augmentation method for automatic speech recognition},
  author={Park, Daniel S. and Chan, William and Zhang, Yu and Chiu, Chung-Cheng and Zoph, Barret and Cubuk, Ekin D. and Le, Quoc V.},
  journal={arXiv preprint arXiv:1904.08779},
  year={2019}
}

@article{fernandez2007interrogativa,
  title={La interrogativa absoluta en el espa{\~n}ol de Canarias y Cuba: estudio perceptivo},
  author={Fern{\'a}ndez P{\'e}rez-Ter{\'a}n, Francisco and Dorta, Josefa and Ramos, Dania and Garc{\'\i}a River{\'o}n, Raquel M.},
  journal={La prosodia en el {\'a}mbito ling{\"u}{\'\i}stico rom{\'a}nico},
  year={2007}
}

@article{raquel2018interrogativa,
  title={La entonaci\'on de la interrogativa absoluta en el espa{\~n}ol de Cuba},
  author={García Riverón, Raquel M.},
  year={2018}
}

@article{barba2011reconocimiento,
  title={Reconocimiento De Objetos En Escenas Confusas Por Medio De La Transformada Wavelet},
  author={Barba Jim{\'e}nez, L. and Vargas Quintero, L.P. and Torres Moreno, CO},
  journal={Revista Colombiana de F{\'\i}sica},
  volume={43},
  number={1},
  year={2011}
}

@article{cano2010analisis,
  title={An{\'a}lisis de principios y aplicaciones de la transformada wavelet},
  author={Cano, Eduardo and Salcedo, Rub{\'e}n , Soto, Gustavo},
  journal={Universidad Nacional de Catamarca},
  year={2010}
}

@book{hansen2014fourier,
  title={Fourier transforms: principles and applications},
  author={Hansen, Eric W.},
  year={2014},
  publisher={John Wiley \& Sons}
}

@inproceedings{kim2020deepcapture,
  title={DeepCapture: Image Spam Detection Using Deep Learning and Data Augmentation},
  author={Kim, Bedeuro and Abuadbba, Sharif and Kim, Hyoungshick},
  booktitle={Australasian Conference on Information Security and Privacy},
  year={2020},
  organization={Springer}
}

@inproceedings{mcfee2015librosa,
  title={librosa: Audio and music signal analysis in python},
  author={McFee, Brian and Raffel, Colin and Liang, Dawen and Ellis, Daniel PW and McVicar, Matt and Battenberg, Eric and Nieto, Oriol},
  booktitle={Proceedings of the 14th python in science conference},
  volume={8},
  year={2015}
}

@book{oppenheim2001discrete,
  title={Discrete-time signal processing. Vol. 2},
  author={Oppenheim, Alan V. and Buck, John R. and Schafer, Ronald W.},
  year={2001},
  publisher={Upper Saddle River, NJ: Prentice Hall}
}

@inproceedings{schorkhuber2012pitch,
  title={Pitch shifting of audio signals using the constant-q transform},
  author={Sch{\"o}rkhuber, Christian and Klapuri, Anssi and Sontacchi, Alois},
  booktitle={Proc. of the DAFx Conference},
  year={2012}
}

@article{xue2016cnn,
  title={CNN-SVM for microvascular morphological type recognition with data augmentation},
  author={Xue, Di-Xiu and Zhang, Rong and Feng, Hui and Wang, Ya-Lei},
  journal={Journal of medical and biological engineering},
  volume={36},
  number={6},
  year={2016},
  publisher={Springer}
}

@inproceedings{sturm2006pitch,
  title={Pitch-shifting audio signals using sparse atomic approximations},
  author={Sturm, Bob L. and Daudet, Laurent and Roads, Curtis},
  booktitle={Proceedings of the 1st ACM workshop on Audio and music computing multimedia},
  year={2006}
}

@phdthesis{bhardwajaudio,
  title={Audio Data Augmentation with respect to Musical Instrument Recognition},
  author={Bhardwaj, Siddharth},
  school={MA thesis. 2017. DOI: https://doi. org/10.5281/zenodo. 1066137}
}

@inproceedings{ko2015audio,
  title={Audio augmentation for speech recognition},
  author={Ko, Tom and Peddinti, Vijayaditya and Povey, Daniel and Khudanpur, Sanjeev},
  booktitle={Sixteenth Annual Conference of the International Speech Communication Association},
  year={2015}
}


@article{lu2017bidirectional,
  title={Bidirectional GRU for sound event detection},
  author={Lu, Rui and Duan, Zhiyao},
  journal={Detection and Classification of Acoustic Scenes and Events},
  year={2017}
}

@inproceedings{mcfee2015software,
  title={A software framework for musical data augmentation.},
  author={McFee, Brian , Humphrey, Eric J. and Bello, Juan Pablo},
  booktitle={ISMIR},
  volume={2015},
  year={2015}
}

@article{thangjai2019confidence,
  title={Confidence intervals for the signal-to-noise ratio and difference of signal-to-noise ratios of log-normal distributions},
  author={Thangjai, Warisa and Niwitpong, Sa-Aat},
  journal={Stats},
  volume={2},
  number={1},
  year={2019},
  publisher={Multidisciplinary Digital Publishing Institute}
}

@article{ross2009first,
  title={A first course in probability},
  author={Ross, Sheldon},
  journal={Upper Saddle River},
  volume={6},
  year={2009}
}

@article{garcia2004entonacion,
  title={Entonaci{\'o}n y oralidad},
  author={García Riverón, Raquel M.},
  journal={Ana Vera (comp.)},
  year={2004}
}

@article{riveron1991atlas,
  title={El Atlas Ling{\"u}{\'\i}stico de Cuba},
  author={García Riverón, Raquel M.},
  journal={LEA: Ling{\"u}{\'\i}stica Espa{\~n}ola Actual},
  volume={13},
  number={2},
  year={1991},
  publisher={Arco Libros}
}

@article{navarro1918manual,
  title={Manual de pronunciaci{\'o}n espa{\~n}ola, Madrid},
  author={Navarro Tom{\'a}s, Tom{\'a}s},
  journal={Publicaciones de la revista de filolog{\'\i}a espa{\~n}ola},
  year={1918}
}

@article{elvira2017fonetitobi,
  title={FonetiToBI},
  author={Elvira-Garc{\'\i}a, Wendy and Almi{\~n}ana, Juan Mar{\'\i}a Garrido},
  journal={M{\'a}laga},
  year={2017}
}

@inproceedings{garridosegproso,
title={SegProso: A Praat-based tool for the automatic detection and annotation of prosodic boundaries.},
autor={Garrido, J. M.}
year = {2013}
}


@inproceedings{bigi2012sppas,
  title={SPPAS: a tool for the phonetic segmentations of Speech},
  author={Bigi, Brigitte},
  year={2012}
}

@article{lahoz2019subsidia,
  title={Subsidia: Tools and Resources for Speech Sciences},
  author={Lahoz-Bengoechea, Jos{\'e} Mar{\'\i}a Ed and P{\'e}rez Ram{\'o}n, Rub{\'e}n Ed and others},
  year={2019}
}

@article{garrido1991modelizacion,
  title={Modelizaci{\'o}n de patrones mel{\'o}dicos del espa{\~n}ol para la s{\'\i}ntesis y el reconocimiento de habla},
  author={Garrido, Juan Manuel},
  journal={Bellaterra: Departament de Filologia Espanyola, Universitat Aut{\`o}noma de Barcelona (uab)},
  year={1991}
}



@article{elvira2016tool,
  title={A tool for automatic transcription of intonation: Eti\_ToBI a ToBI transcriber for Spanish and Catalan},
  author={Elvira-Garc{\'\i}a, Wendy and Roseano, Paolo and Fern{\'a}ndez-Planas, Ana Mar{\'\i}a and Mart{\'\i}nez-Celdr{\'a}n, Eugenio},
  journal={Language Resources and Evaluation},
  volume={50},
  number={4},
  year={2016},
  publisher={Springer}
}

@article{quilis1975unidades,
  title={Las unidades de entonaci{\'o}n},
  author={Quilis, Antonio},
  journal={Revista espa{\~n}ola de ling{\"u}{\'\i}stica},
  volume={5},
  number={2},
  year={1975},
  publisher={Sociedad Espa{\~n}ola de Ling{\"u}{\'\i}stica}
}

@article{alminana2018using,
  title={Using large corpora and computational tools to describe prosody: An exciting challenge for the future with some (important) pending problems to solve},
  author={Almi{\~n}ana, Juan Mar{\'\i}a Garrido},
  journal={Methods in prosody: A Romance},
  year={2018}
}

@inproceedings{roseanoetiquetaje,
  title={El etiquetaje entonativo m{\'e}trico-autosegmental en el marco del Atlas Multimedia de Prosodia del Espacio Rom{\'a}nico},
  author={Roseano, Paolo and Fern{\'a}ndez Planas, Ana Maria and Mart{\'\i}nez Celdr{\'a}n, Eugenio and Fabra, Pompeu},
  booktitle={Actas del V Congreso Internacional de Fon{\'e}tica Experimental, C{\'a}ceres}
}

@article{marrero2007estudio,
  title={Estudio ac{\'u}stico y sem{\'a}ntico--pragm{\'a}tico de la entonaci{\'o}n enunciativa en el discurso teatral},
  author={Marrero Montero, Alejandro},
  journal={Trabajo de Diploma, Departamento de Literatura y Ling{\"u}{\'\i}stica, Universidad Central {\guillemotleft}Marta Abreu{\guillemotright} de Las Villas, Santa Clara. Tutor: Madeleyne Berm{\'u}dez},
  year={2007}
}


@article{riveronlocutores,
title={La entonación de los locutores},
author={García Riverón, Raquel M.},
year={1996}
}

@article{riveronuniv,
title={Demarcaci\'on pros\'odica de los paratonos en el discurso acad\'emico oral: estudio experimental en una muestra de conferencias universitarias},
author={Raquel M. García Riverón, Madeleyne Berm\'udez, Carlos Ariel Ferrer},
year={2019}
}


@article{cubadice,
title={Multimodalidad y ret\'orica en la nueva pol\'itica de los medios de comunicac\'ion de Cuba: el caso de Cuba dice},
author={García Riverón, Raquel M.},
year={2017}
}

@article{riveroncomplejo,
title={De los discursos al sistema din\'amico complejo, del sistema din\'amico complejo a los discursos.},
author={García Riverón, Raquel M.},
year={2018}
}

@article{nottelecubana,
title={Medios de expresi\'ion pros\'odicos de fen\'omenos discursivos en los noticieros del Sistema Informativo de la Televisi\'on Cubana: un nuevo patr\'on de entonaci\'on.},
author={García Riverón, Raquel M.},
year={2018}
}


@article{riveronguanta,
title={La interrogación en la radio guantanamera},
author={García Riverón, Raquel M.},
year={2005}
}

@phdthesis{ruiz2014entonacion,
  title={La entonaci{\'o}n del espa{\~n}ol meridional},
  author={Ruiz, Miguel Mateo},
  year={2014},
  school={Universitat de Barcelona}
}

@book{tomas1974manual,
  title={Manual de entonaci{\'o}n espa{\~n}ola},
  author={Tom{\'a}s, Tom{\'a}s Navarro},
  year={1974},
  publisher={Guadarrama Madrid}
}

@phdthesis{menendez2008estudio,
  title={Estudio de la entonaci{\'o}n como recurso expresivo de la locuci{\'o}n informativa radial.},
  author={Men{\'e}ndez Alonso, Adria Mar{\'\i}a},
  year={2008},
  school={Universidad Central “Marta Abreu” de Las Villas}
}

@article{pedrosa2009entonacion,
  title={La entonaci{\'o}n: antecedentes te{\'o}ricos y m{\'e}todos para su estudio},
  author={Pedrosa Ram{\'\i}rez, Adriana},
  journal={Contribuciones a las Ciencias Sociales},
  year={2009}
}

@article{dorta2018fonetica,
  title={Fon{\'e}tica y fonolog{\'\i}a de los movimientos mel{\'o}dicos en el habla rural de Cuba y Venezuela},
  author={Dorta, Josefa and D{\'\i}az, Chaxiraxi},
  year={2018},
  publisher={Servicio de Publicaciones de la Universidad de Navarra}
}

@article{garcia2005estudio,
  title={El estudio de la entonaci{\'o}n},
  author={García Riverón, Raquel M.},
  year={2005},
  publisher={Universidade de Santiago de Compostela. Servizo de Publicaci{\'o}ns e~…}
}


@article{beckman1986intonational,
  title={Intonational structure in Japanese and English},
  author={Beckman, Mary E. and Pierrehumbert, Janet B.},
  journal={Phonology},
  volume={3},
  year={1986},
  publisher={Cambridge University Press}
}

@article{hualde2003modelo,
  title={El modelo m{\'e}trico y autosegmental},
  author={Hualde, Jos{\'e} Ignacio},
  journal={Teor{\'\i}as de la entonaci{\'o}n},
  volume={155},
  year={2003}
}

@article{pierrehumbert1988japanese,
  title={Japanese tone structure},
  author={Pierrehumbert, Janet B. and Beckman, Mary E.},
  journal={Linguistic inquiry monographs},
  number={15},
  year={1988}
}

@phdthesis{pierrehumbert1980phonology,
  title={The phonology and phonetics of English intonation},
  author={Pierrehumbert, Janet B.},
  year={1980},
  school={Massachusetts Institute of Technology}
}

@inproceedings{hirschberg1986intonational,
  title={The intonational structuring of discourse},
  author={Hirschberg, Julia and Pierrehumbert, Janet B.},
  booktitle={24th Annual Meeting of the Association for Computational Linguistics},
  year={1986}
}

@article{alminanaglissando,
  title={The Glissando project},
  author={Almi{\~n}ana, Juan Mar{\'\i}a Garrido and Mancebo, David Escudero and Cuevas, Lourdes Aguilar}
}

@article{garrido2013modproso,
  title={ModProso: A Praat-based tool for F0 prediction and modification},
  author={Garrido, Juan Mar{\'\i}a},
  journal={Proceedings of TRASP 2013},
  year={2013}
}

@article{vidal2014entonacion,
  title={Entonaci{\'o}n, intenci{\'o}n y relevancia. La importancia de la entonaci{\'o}n y su ense{\~n}anza en el aula de ELE. Algunas propuestas did{\'a}cticas},
  author={Vidal, Isabel Molina},
  journal={marcoELE. Revista de Did{\'a}ctica Espa{\~n}ol Lengua Extranjera},
  number={19},
  year={2014},
  publisher={MarcoELE}
}

@article{gonzalez2015nuevos,
  title={Nuevos datos emp{\'\i}ricos sobre la entonaci{\'o}n del espa{\~n}ol a partir del corpus de noticias Glissando},
  author={Gonz{\'a}lez, Yurena Mar{\'\i}a Guti{\'e}rrez and Cuevas, Lourdes Aguilar},
  journal={Estudios de fon{\'e}tica experimental},
  year={2015}
}

@article{garrido2013glissando,
  title={Glissando: a corpus for multidisciplinary prosodic studies in Spanish and Catalan},
  author={Garrido, Juan Mar{\'\i}a and Escudero, David and Aguilar, Lourdes and Carde{\~n}oso, Valent{\'\i}n and Rodero, Emma and De-La-Mota, Carme and Gonz{\'a}lez, C{\'e}sar and Vivaracho, Carlos and Rustullet, S{\'\i}lvia and Larrea, Olatz and others},
  journal={Language resources and evaluation},
  volume={47},
  number={4},
  year={2013},
  publisher={Springer}
}

@book{garreta2013learning,
  title={Learning scikit-learn: machine learning in python},
  author={Garreta, Raul and Moncecchi, Guillermo},
  year={2013},
  publisher={Packt Publishing Ltd}
}

@phdthesis{ruiz2014entonacion,
  title={La entonaci{\'o}n del espa{\~n}ol meridional},
  author={Ruiz, Miguel Mateo},
  year={2014},
  school={Universitat de Barcelona}
}

@inproceedings{rosenberg2010autobi,
  title={Autobi-a tool for automatic tobi annotation},
  author={Rosenberg, Andrew},
  booktitle={Eleventh Annual Conference of the International Speech Communication Association},
  year={2010}
}

@inproceedings{silverman1992tobi,
  title={ToBI: A standard for labeling English prosody},
  author={Silverman, Kim and Beckman, Mary and Pitrelli, John and Ostendorf, Mori and Wightman, Colin and Price, Patti and Pierrehumbert, Janet B. and Hirschberg, Julia},
  booktitle={Second international conference on spoken language processing},
  year={1992}
}

@article{vilaplana2008notacion,
  title={La notaci{\'o}n pros{\'o}dica del espa{\~n}ol: una revisi{\'o}n del Sp-ToBI},
  author={Vilaplana, Eva Estebas and others},
  journal={Estudios de fon{\'e}tica experimental},
  year={2008}
}

@article{prieto2005torno,
  title={En torno a la asociaci{\'o}n tonal en el modelo m{\'e}trico-autosegmental. Puntos controvertidos en su aplicaci{\'o}n al catal{\'a}n},
  author={Prieto, Pilar},
  journal={Revista Internacional de Ling{\"u}{\'\i}stica Iberoamericana},
  volume={3},
  number={2 (6},
  year={2005},
  publisher={JSTOR}
}

@article{daubechies1992cbms,
  title={CBMS-NSF regional conference series in applied mathematics},
  author={Daubechies, Ingrid},
  journal={Ten lectures on wavelets},
  volume={61},
  year={1992},
  publisher={Siam}
}


@article{garcia1996aspectos1,
  title={Aspectos de entonaci{\'o}n hisp{\'a}nica. I Metodolog{\'i}a},
  author={García Riverón, Raquel M.},
  journal={C{\'a}ceres, Universidad de Extremadura},
  year={1996}
}

@article{garcia1996aspectos2,
  title={Aspectos de la entonaci{\'o}n hisp{\'a}nica. II An{\'a}lisis ac{\'u}stico de muestras del espa{\~n}ol de Cuba},
  author={García Riverón, Raquel M.},
  journal={Anejos del anuario de estudios filol{\'o}gicos},
  volume={21},
  year={1996}
}

@article{garcia1998aspectos,
  title={Aspectos de la entonaci{\'o}n hisp{\'a}nica, t. III},
  author={García Riverón, Raquel M.},
  journal={Universidad de Extremadura, C{\'a}ceres},
  year={1998}
}


@article{flandrin2015time,
  title={Time--frequency filtering based on spectrogram zeros},
  author={Flandrin, Patrick},
  journal={IEEE Signal Processing Letters},
  volume={22},
  number={11},
  year={2015},
  publisher={IEEE}
}

@book{sundararajan2016discrete,
  title={Discrete wavelet transform: a signal processing approach},
  author={Sundararajan, D.},
  year={2016},
  publisher={John Wiley \& Sons}
}

@article{yatabe2019representation,
  title={Representation of complex spectrogram via phase conversion},
  author={Yatabe, Kohei and Masuyama, Yoshiki and Kusano, Tsubasa and Oikawa, Yasuhiro},
  journal={Acoustical Science and Technology},
  volume={40},
  number={3},
  year={2019},
  publisher={Acoustical Society of Japan}
}


@inproceedings{ling2003auc,
  title={AUC: a statistically consistent and more discriminating measure than accuracy},
  author={Ling, Charles X and Huang, Jin and Zhang, Harry and others},
  booktitle={Ijcai},
  volume={3},
  pages={519--524},
  year={2003}
}

@inproceedings{bay2009evaluation,
  title={Evaluation of multiple-f0 estimation and tracking systems.},
  author={Bay, Mert and Ehmann, Andreas F and Downie, J Stephen},
  booktitle={ISMIR},
  pages={315--320},
  year={2009}
}

@book{murphy2012machine,
  title={Machine learning: a probabilistic perspective},
  author={Murphy, Kevin P},
  year={2012},
  publisher={MIT press}
}

@misc{robert2014machine,
  title={Machine learning, a probabilistic perspective},
  author={Robert, Christian},
  year={2014},
  publisher={Taylor \& Francis}
}

@book{francois2017deep,
  title={Deep learning with Python},
  author={Francois, Chollet},
  year={2017},
  publisher={Manning Publications Company}
}

@book{duda2012pattern,
  title={Pattern classification},
  author={Duda, Richard O. and Hart, Peter E. and Stork, David G.},
  year={2012},
  publisher={John Wiley \& Sons}
}

@article{russell2002artificial,
  title={Artificial intelligence: a modern approach},
  author={Russell, Stuart and Norvig, Peter},
  year={2002}
}

@inproceedings{kasi2002yet,
  title={Yet another algorithm for pitch tracking},
  author={Kasi, Kavita and Zahorian, Stephen A.},
  booktitle={2002 ieee international conference on acoustics, speech, and signal processing},
  volume={1},
  year={2002},
  organization={IEEE}
}

@book{gautschinumerical,
  title={Numerical Analysis, Second Edition},
  author={Gautschi, W.},
  year = {2012},
  publisher={Birkhauser}
}

@book{hualde2005sounds,
  title={The sounds of Spanish with audio CD},
  author={Hualde, Jos{\'e} Ignacio},
  year={2005},
  publisher={Cambridge University Press}
}

@article{pierrehumbert1981synthesizing,
  title={Synthesizing intonation},
  author={Pierrehumbert, Janet B.},
  journal={The Journal of the Acoustical Society of America},
  volume={70},
  number={4},
  year={1981},
  publisher={Acoustical Society of America}
}

@article{diaz2003algoritmo,
  title={Algoritmo robusto para la detecci{\'o}n de la frecuencia fundamental de la voz basado en el espectrograma},
  author={D{\'\i}az, Jos{\'e} Antonio and Sapienza, Christine and Rothman, Howard B and Natour, Yaser},
  journal={Revista Ingenier{\'\i}a UC},
  volume={10},
  number={3},
  year={2003},
  publisher={Universidad de Carabobo}
}

@article{castellanos2004estimacion,
  title={ESTIMACI{\'O}N DE LA FRECUENCIA FUNDAMENTAL DE SE{\~N}ALES DE VOZ USANDO TRANSFROMADA WAVELET.},
  author={Castellanos, Germ{\'a}n, Sep{\'u}lveda, F Alexander},
  journal={Scientia et technica},
  volume={1},
  number={24},
  year={2004},
  publisher={Universidad Tecnol{\'o}gica de Pereira}
}


@article{riveron2010sistema,
  title={El sistema de entonaci{\'o}n del espa{\~n}ol de Cuba a la luz del modelo de an{\'a}lisis mel{\'o}dico del habla},
  author={García Riverón, Raquel M. and S{\'a}nchez, Madeleyne Berm{\'u}dez and Ram{\'\i}rez, Adriana Pedrosa and Montero, Alejandro F Marrero},
  journal={Phonica},
  volume={6},
  year={2010}
}



@book{alvord2006spanish,
  title={Spanish intonation in contact: the case of Miami Cuban bilinguals},
  author={Alvord, Scott Mark},
  year={2006},
  publisher={University of Minnesota}
}



@article{vidal1999enunciados,
  title={Los enunciados interrogativos: Aspectos sem{\'a}nticos y pragm{\'a}ticos},
  author={Vidal, Mar{\'\i}a Victoria Escandell and Victoria, M},
  journal={BOSQUE, I.; DEMONTE, V. Gram{\'a}tica descriptiva de la lengua espa{\~n}ola: entre la oraci{\'o}n y el discurso--morfolog{\'\i}a},
  volume={3},
  year={1999}
}